@Article{leite2014empathic,
  author={Leite, Iolanda and Castellano, Ginevra and Pereira, Andr{\'e} and Martinho, Carlos and Paiva, Ana},
  title={{Empathic Robots for Long-term Interaction}},
  journal={International Journal of Social Robotics},
  year={2014},
  volume={6},
  number={3},
  pages={329--341}
}

@inproceedings{castellano2013towards,
  title={Towards empathic virtual and robotic tutors},
  @author={Castellano, Ginevra and Paiva, Ana and Kappas, Arvid and Aylett, Ruth and Hastie, Helen and Barendregt, Wolmet and Nabais, Fernando and Bull, Susan},
  author={Castellano, Ginevra and others},
  booktitle={Artificial Intelligence in Education},
  pages={733--736},
  year={2013},
  organization={Springer},
  doi={10.1007/978-3-642-39112-5_100}
}

@inproceedings{kennedy2016social,
  title={{Social Robot Tutoring for Child Second Language Learning}},
  @author={Kennedy, James and Baxter, Paul and Senft, Emmanuel and Belpaeme, Tony},
  author={Kennedy, James and others},
  booktitle={{Proceedings of the 11th ACM/IEEE {I}nternational {C}onference on {H}uman-{R}obot {I}nteraction}},
  @booktitle={Proc. of the 10th ACM/IEEE {I}nt. {C}onf. on {HRI}},
  pages={67--74},
  year={2016},
  organization={ACM}
}

@inproceedings{tanaka2015pepper,
  title={Pepper learns together with children: Development of an educational application},
  @author={Tanaka, Fumihide and Isshiki, Kyosuke and Takahashi, Fumiki and Uekusa, Manabu and Sei, Rumiko and Hayashi, Kaname},
  author={Tanaka, Fumihide and others},
  booktitle={IEEE-RAS 15th International Conference on Humanoid Robots},
  series={HUMANOIDS 2015},
  pages={270--275},
  year={2015},
  organization={IEEE}
}

@inproceedings{hood2015children,
  title={When Children Teach a Robot to Write: An Autonomous Teachable Humanoid Which Uses Simulated Handwriting},
  @author={Deanna Hood and S{\'e}verin Lemaignan and Pierre Dillenbourg},
  author={Deanna Hood and others},
  booktitle={Proceedings of the 10th ACM/IEEE {I}nternational {C}onference on {H}uman-{R}obot {I}nteraction},
  year={2015},
  organization={ACM},
  pages={83--90}
}

@incollection{riedo2012two,
  title={A two years informal learning experience using the thymio robot},
  @author={Riedo, Fanny and R{\'e}tornaz, Philippe and Bergeron, Luc and Nyffeler, Nathalie and Mondada, Francesco},
  author={Riedo, Fanny and others},
  booktitle={Advances in Autonomous Mini Robots},
  pages={37--48},
  year={2012},
  publisher={Springer}
}

@inproceedings{belpaeme2015L2TOR,
  title={{L2TOR - Second Language Learning Tutoring using Social Robots}},
  @author={Belpaeme, Tony and Kennedy, James and Baxter, Paul and Vogt, Paul and Krahmer, Emiel E.J. and Kopp, Stefan and Bergmann, Kirsten and Leseman, Paul and K{\"u}ntay, Aylin C and G{\"o}ksun, Tilbe and Pandey, Amit K and Gelin, Rodolphe and Koudelkova, Petra and Deblieck, Tommy},
  author={Belpaeme, Tony and others},
  year={2015},
  booktitle={Proceedings of the First International Workshop on Educational Robots at ICSR'15}
}